<?xml version="1.0" encoding="utf-8"?>
<record xmlns="http://www.loc.gov/MARC21/slim" xmlns:xsi="http://www.w3.org/2001/XMLSchema-instance" xsi:schemaLocation="http://www.loc.gov/MARC21/slim http://www.loc.gov/standards/marcxml/schema/MARC21slim.xsd">
	<leader>     nam a22     Mi 4500</leader>
	<controlfield tag="001">b12777791</controlfield>
	<controlfield tag="003">LeBAU</controlfield>
	<controlfield tag="006">m        d        </controlfield>
	<controlfield tag="007">cr cn |||m|||a</controlfield>
	<controlfield tag="008">181009s1936    le      ob    ||0 0 ara d</controlfield>
	<datafield ind1=" " ind2=" " tag="040">
		<subfield code="a">ZYU</subfield>
		<subfield code="b">ara</subfield>
		<subfield code="e">rda</subfield>
		<subfield code="c">ZYU</subfield>
	</datafield>
	<datafield ind1=" " ind2="4" tag="050">
		<subfield code="a">PJ7551</subfield>
		<subfield code="b">.M36 1936</subfield>
	</datafield>
	<datafield ind1="0" ind2="4" tag="082">
		<subfield code="a">892.7109</subfield>
		<subfield code="2">22</subfield>
	</datafield>
	<datafield ind1="1" ind2=" " tag="100">
		<subfield code="6">880-01</subfield>
		<subfield code="a">Maqdisī, Anīs,</subfield>
		<subfield code="e">author.</subfield>
	</datafield>
	<datafield ind1="1" ind2="0" tag="245">
		<subfield code="6">880-02</subfield>
		<subfield code="a">Umarā’ al-shi‘r al-‘Arabī fī al-‘Aṣr al-‘Abbāsī :</subfield>
		<subfield code="b">wa-huwa dirāsāt taḥlīlīyah li-adab thamānīyah min ashhar shu‘arā’ al-‘Arab wa-lil-jaw alladhī nasha’ū fīh /</subfield>
		<subfield code="c">Anīs al-Maqdisī, ustādh al-adab al-‘Arabī fī Jāmi‘at Bayrūt al-Amīrkīyah.</subfield>
	</datafield>
	<datafield ind1=" " ind2=" " tag="250">
		<subfield code="6">880-03</subfield>
		<subfield code="a">al-Ṭab‘ah al-thānīyah.</subfield>
	</datafield>
	<datafield ind1=" " ind2="1" tag="264">
		<subfield code="6">880-04</subfield>
		<subfield code="a">[Bayrūt] :</subfield>
		<subfield code="b">al-Dā’irah al-‘Arabīyah fī Jāmi‘at Bayrūt al-Amīrikīyah,</subfield>
		<subfield code="c">1936.</subfield>
	</datafield>
	<datafield ind1=" " ind2=" " tag="300">
		<subfield code="6">880-05</subfield>
		<subfield code="a">online resource (b-w, 402 pages)</subfield>
	</datafield>
	<datafield ind1=" " ind2=" " tag="336">
		<subfield code="a">text</subfield>
		<subfield code="2">rdacontent</subfield>
	</datafield>
	<datafield ind1=" " ind2=" " tag="337">
		<subfield code="a">computer</subfield>
		<subfield code="2">rdamedia</subfield>
	</datafield>
	<datafield ind1=" " ind2=" " tag="338">
		<subfield code="a">online resource</subfield>
		<subfield code="2">rdacarrier</subfield>
	</datafield>
	<datafield ind1=" " ind2=" " tag="500">
		<subfield code="a">Part of the Arabic Collections Online (ACO) project, contributed by American University of Beirut's Jafet Memorial Library.</subfield>
	</datafield>
	<datafield ind1=" " ind2=" " tag="533">
		<subfield code="a">Electronic reproduction.</subfield>
		<subfield code="b">New York, N.Y. :</subfield>
		<subfield code="c">New York University,</subfield>
		<subfield code="d">2018.</subfield>
		<subfield code="5">NNU</subfield>
	</datafield>
	<datafield ind1=" " ind2="0" tag="650">
		<subfield code="6">880-06</subfield>
		<subfield code="a">Arabic poetry</subfield>
		<subfield code="y">750-1258</subfield>
		<subfield code="x">History and criticism.</subfield>
	</datafield>
	<datafield ind1=" " ind2="0" tag="650">
		<subfield code="6">880-07</subfield>
		<subfield code="a">Poets, Arab</subfield>
		<subfield code="y">750-1258</subfield>
		<subfield code="v">Biography.</subfield>
	</datafield>
	<datafield ind1="2" ind2=" " tag="710">
		<subfield code="a">Jafet Memorial Library.</subfield>
	</datafield>
	<datafield ind1="0" ind2=" " tag="730">
		<subfield code="a">Arabic Collections Online.</subfield>
	</datafield>
	<datafield ind1="0" ind2=" " tag="775">
		<subfield code="6">880-08</subfield>
		<subfield code="i">has designation of edition</subfield>
		<subfield code="4">http://rdaregistry.info/Elements/m/P30133:</subfield>
		<subfield code="t">Umarā’ al-shi‘r al-‘Arabī fī al-‘Aṣr al-‘Abbāsī : wa-huwa dirāsāt taḥlīlīyah li-adab thamānīyah min ashhar shu‘arā’ al-‘Arab wa-lil-jaw alladhī nasha’ū fīh.</subfield>
		<subfield code="b">al-Ṭab‘ah al-thālithah.</subfield>
		<subfield code="d">[Bayrūt] : Jāmi‘at Bayrūt al-Amīrikīyah, 1946</subfield>
		<subfield code="w">(OCoLC)784405570</subfield>
		<subfield code="w">(OCoLC)784507057</subfield>
	</datafield>
	<datafield ind1="0" ind2=" " tag="775">
		<subfield code="6">880-09</subfield>
		<subfield code="i">has designation of edition</subfield>
		<subfield code="4">http://rdaregistry.info/Elements/m/P30133:</subfield>
		<subfield code="t">Umarā’ al-shi‘r al-‘Arabī fī al-‘Aṣr al-‘Abbāsī : wa-huwa dirāsāt taḥlīlīyah li-adab thamānīyah min ashhar shu‘arā’ al-‘Arab wa-lil-jaw alladhī nasha’ū fīh.</subfield>
		<subfield code="b">al-Ṭab‘ah al-ūlá.</subfield>
		<subfield code="d">Bayrūt : al-Dā’irah al-‘Arabīyah fī Jāmi‘at Bayrūt al-Amīrikīyah, 1932</subfield>
		<subfield code="w">b12556336</subfield>
		<subfield code="w">(OCoLC)784405570</subfield>
	</datafield>
	<datafield ind1="0" ind2="8" tag="776">
		<subfield code="i">Print version:</subfield>
		<subfield code="a">Maqdisī, Anīs, author.</subfield>
		<subfield code="t">Umarā’ al-shi‘r al-‘Arabī fī al-‘Aṣr al-‘Abbāsī</subfield>
		<subfield code="w">(LeBAU)b12777791</subfield>
	</datafield>
	<datafield ind1="4" ind2="0" tag="856">
		<subfield code="u">http://hdl.handle.net/2333.1/866t1p93</subfield>
	</datafield>
	<datafield ind1="1" ind2=" " tag="880">
		<subfield code="6">100-01</subfield>
		<subfield code="a">المقدسي، انيس،</subfield>
		<subfield code="e">مؤلف.</subfield>
		<subfield code="4">aut.</subfield>
	</datafield>
	<datafield ind1="1" ind2="0" tag="880">
		<subfield code="6">245-02</subfield>
		<subfield code="a">أمراء الشعر العربي في العصر العباسي :</subfield>
		<subfield code="b">وهو دراسات تحليلية لأدب ثمانية من أشهر شعراء العرب وللجو الذي نشأوا فيه /</subfield>
		<subfield code="c">أنيس المقدسي، أستاذ الأدب العربي في جامعة بيروت الأميركية.</subfield>
	</datafield>
	<datafield ind1=" " ind2=" " tag="880">
		<subfield code="6">250-03</subfield>
		<subfield code="a">الطبعة الثانية.</subfield>
	</datafield>
	<datafield ind1=" " ind2="1" tag="880">
		<subfield code="6">264-04</subfield>
		<subfield code="a">[بيروت] :</subfield>
		<subfield code="b">الدائرة العربية في جامعة بيروت الأميركية،</subfield>
		<subfield code="c">1936.</subfield>
	</datafield>
	<datafield ind1=" " ind2=" " tag="880">
		<subfield code="6">300-05</subfield>
		<subfield code="a">ب-و، 402 صفحة ؛</subfield>
		<subfield code="c">24 سم</subfield>
	</datafield>
	<datafield ind1=" " ind2=" " tag="880">
		<subfield code="6">500-00</subfield>
		<subfield code="a">&quot;من منشورات الدائرة العربية في جامعة بيروت الأميركية؛ طبع على نفقة وقفية ثيودور في الجامعة المذكورة.&quot;</subfield>
	</datafield>
	<datafield ind1=" " ind2=" " tag="880">
		<subfield code="6">504-00</subfield>
		<subfield code="a">يتضمن مراجع ببليوغرافية.</subfield>
	</datafield>
	<datafield ind1="0" ind2=" " tag="880">
		<subfield code="6">505-00</subfield>
		<subfield code="a">أبو نواس -- أبو العتاهية -- أبو تمام -- البحتري -- إبن الرومي -- المتنبي -- المعري -- ابن الفارض.</subfield>
	</datafield>
	<datafield ind1=" " ind2="4" tag="880">
		<subfield code="6">650-06</subfield>
		<subfield code="a">الشعر العربي</subfield>
		<subfield code="y">750-1258</subfield>
		<subfield code="x">تاريخ ونقد.</subfield>
	</datafield>
	<datafield ind1=" " ind2="4" tag="880">
		<subfield code="6">650-07</subfield>
		<subfield code="a">الشعراء العرب</subfield>
		<subfield code="y">750-1258</subfield>
		<subfield code="v">تراجم.</subfield>
	</datafield>
	<datafield ind1="0" ind2=" " tag="880">
		<subfield code="6">775-08</subfield>
		<subfield code="i">دلالة على الطبعة</subfield>
		<subfield code="4">http://rdaregistry.info/Elements/m/P30133:</subfield>
		<subfield code="t">أمراء الشعر العربي في العصر العباسي: وهو دراسات تحليلية لأدب ثمانية من أشهر شعراء العرب وللجو الذي نشأوا فيه.</subfield>
		<subfield code="b">الطبعة الثالثة.</subfield>
		<subfield code="d">[بيروت] : جامعة بيروت الأميركية، 1946</subfield>
		<subfield code="w">b12556336</subfield>
		<subfield code="w">(OCoLC)784405570</subfield>
	</datafield>
	<datafield ind1="0" ind2=" " tag="880">
		<subfield code="6">775-09</subfield>
		<subfield code="i">دلالة على الطبعة</subfield>
		<subfield code="4">http://rdaregistry.info/Elements/m/P30133:</subfield>
		<subfield code="t">أمراء الشعر العربي في العصر العباسي: وهو دراسات تحليلية لأدب ثمانية من أشهر شعراء العرب وللجو الذي نشأوا فيه.</subfield>
		<subfield code="b">الطبعة الأولى.</subfield>
		<subfield code="d">بيروت : المطبعة الأدبية، 1932</subfield>
		<subfield code="w">b12764255</subfield>
		<subfield code="w">(OCoLC)784507057</subfield>
	</datafield>
	<datafield ind1=" " ind2=" " tag="959">
		<subfield code="a">NNU</subfield>
		<subfield code="b">WEB</subfield>
		<subfield code="c">GENI</subfield>
		<subfield code="t">0</subfield>
		<subfield code="m">Electronic access</subfield>
		<subfield code="s">01</subfield>
	</datafield>
	<datafield ind1=" " ind2=" " tag="999">
		<subfield code="i">LeBAU_b12777791</subfield>
		<subfield code="s">aub_aco001960</subfield>
		<subfield code="e">(ERROR-MISC)</subfield>
		<subfield code="s">aub_aco001960</subfield>
	</datafield>
</record>
